<collection xmlns="http://www.loc.gov/MARC21/slim">
<record>
  <leader>01344nam0a22002171i 450 </leader>
  <controlfield tag="001">IT\ICCU\CNCE\079428</controlfield>
  <controlfield tag="005">20170710000000.0</controlfield>
  <datafield tag="012" ind1=" " ind2=" ">
    <subfield code="a">toto togi toto inch (C) 1520 (Q)</subfield>
    <subfield code="2">fei</subfield>
  </datafield>
  <datafield tag="100" ind1=" " ind2=" ">
    <subfield code="a">20170323f1520        0itac0103    ba</subfield>
  </datafield>
  <datafield tag="101" ind1=" " ind2=" ">
    <subfield code="a">ITA</subfield>
  </datafield>
  <datafield tag="102" ind1=" " ind2=" ">
    <subfield code="a">IT</subfield>
  </datafield>
  <datafield tag="200" ind1="1" ind2=" ">
    <subfield code="a">La Biagia da Decomano. Interlocutori. Ser Amerigho dalle poze. Matteino da Ronta cherico. Menico del Fruca padre della Biagia. Papo compare di Menico. Nardo dello stiaccia dallonda marito della Biagia. Berna del Fruca fratello di Menico &amp; zio della Biagia. Mena Dianora madre della Biagia. Pippo del Gherada la Lampolecchio, &amp; Tonio di Rigo dal fossato vagheggini della Biagia. El Chima da Compiobbi vicino di Tonio: Beco dalamole</subfield>
  </datafield>
  <datafield tag="210" ind1=" " ind2=" ">
    <subfield code="a">\Firenze</subfield>
    <subfield code="c">Bartolomeo Castelli</subfield>
    <subfield code="d">circa 1520!</subfield>
    <subfield code="e">\Firenze!</subfield>
    <subfield code="g">fece stampare Bartholomeo di Mat. Castelli</subfield>
  </datafield>
  <datafield tag="215" ind1=" " ind2=" ">
    <subfield code="a">\12! c.</subfield>
    <subfield code="d">8ʻ</subfield>
  </datafield>
  <datafield tag="300" ind1=" " ind2=" ">
    <subfield code="a">Per la data cfr.: Short-title catalogue of books printed in Italy and of Italian books printed in other countries from 1465 to 1600 now in the British Library. Supplement, p. 20</subfield>
  </datafield>
  <datafield tag="620" ind1=" " ind2=" ">
    <subfield code="a">IT</subfield>
    <subfield code="d">Firenze</subfield>
  </datafield>
  <datafield tag="712" ind1="0" ind2="0">
    <subfield code="a">Castelli, Bartolomeo</subfield>
    <subfield code="3">IT\ICCU\CNCT\000516</subfield>
    <subfield code="4">650</subfield>
  </datafield>
  <datafield tag="801" ind1=" " ind2="3">
    <subfield code="a">IT</subfield>
    <subfield code="b">ICCU</subfield>
    <subfield code="c">20201115</subfield>
  </datafield>
  <datafield tag="899" ind1=" " ind2=" ">
    <subfield code="a">British Library. London</subfield>
    <subfield code="1">UK0001</subfield>
  </datafield>
  <datafield tag="911" ind1=" " ind2=" ">
    <subfield code="a">Sul front.</subfield>
    <subfield code="9">IT\ICCU\CNCM\002549</subfield>
  </datafield>
  <datafield tag="921" ind1=" " ind2=" ">
    <subfield code="a">IT\ICCU\CNCM\002549</subfield>
    <subfield code="b">Castello torricellato con iniziali B.C.</subfield>
    <subfield code="c">U1065</subfield>
    <subfield code="f">CASTELLO</subfield>
    <subfield code="f">BC</subfield>
    <subfield code="g">[152.]</subfield>
  </datafield>
</record>
</collection>
